@article{Conti2018,
  author = {Conti, Mauro and Dehghantanha, Ali and Franke, Katrin and Watson, Steve},
  title = {Internet of Things security and forensics: Challenges and opportunities},
  journal = {Future Generation Computer Systems},
  volume = {78},
  pages = {544--546},
  year = {2018}
}

@article{Zawoad2015,
  author = {Zawoad, Shams and Hasan, Ragib},
  title = {Towards building forensics-enabled cloud through secure logging-as-a-service},
  journal = {IEEE Transactions on Dependable and Secure Computing},
  volume = {13},
  number = {2},
  pages = {148--162},
  year = {2015}
}

@article{Dorri2017,
  author = {Dorri, Ali and Kanhere, Salil S. and Jurdak, Raja},
  title = {Towards an optimized blockchain for IoT},
  journal = {Proceedings of the Second International Conference on Internet-of-Things Design and Implementation},
  pages = {173--178},
  year = {2017}
}

@article{Sivaraman2015,
  author = {Sivaraman, Vijay and et al.},
  title = {Network-level security and privacy control for smart-home IoT devices},
  journal = {Proceedings of the 2015 IEEE International Conference on Smart Grid Communications},
  pages = {1--6},
  year = {2015}
}

@article{Rathore2017,
  author = {Rathore, Heekuck and Park, Jong Hyuk},
  title = {BlockSecIoTNet: Blockchain-based decentralized security architecture for IoT networks},
  journal = {Journal of Network and Computer Applications},
  volume = {143},
  pages = {167--177},
  year = {2019}
}
